<record><leader>00000cas a22000007a 4500</leader><controlfield tag="001">21792981</controlfield><controlfield tag="008">900612d18841988mnuwr ne      0    0eng d</controlfield><datafield ind1=" " ind2=" " tag="010"><subfield code="a">sn 90059840 </subfield></datafield><datafield ind1=" " ind2=" " tag="040"><subfield code="a">MN#</subfield><subfield code="b">eng</subfield><subfield code="c">MN#</subfield><subfield code="d">OCLCQ</subfield><subfield code="d">OCLCF</subfield><subfield code="d">OCLCO</subfield></datafield><datafield ind1=" " ind2=" " tag="042"><subfield code="a">msc</subfield></datafield><datafield ind1=" " ind2=" " tag="043"><subfield code="a">n-us-mn</subfield></datafield><datafield ind1=" " ind2=" " tag="052"><subfield code="a">4144</subfield><subfield code="b">E9</subfield><subfield code="b">W35</subfield></datafield><datafield ind1=" " ind2=" " tag="052"><subfield code="a">4143</subfield><subfield code="b">H4</subfield></datafield><datafield ind1="0" ind2="0" tag="245"><subfield code="a">South Shore weekly news.</subfield></datafield><datafield ind1=" " ind2=" " tag="260"><subfield code="a">Excelsior, Minn. :</subfield><subfield code="b">Weekly news,</subfield><subfield code="c">-1988.</subfield></datafield><datafield ind1=" " ind2=" " tag="300"><subfield code="a">v.</subfield></datafield><datafield ind1=" " ind2=" " tag="310"><subfield code="a">Weekly</subfield></datafield><datafield ind1="1" ind2=" " tag="362"><subfield code="a">Began in July 1984.</subfield></datafield><datafield ind1="0" ind2=" " tag="362"><subfield code="a">-v. 5, no. 24 (Dec. 22, 1988).</subfield></datafield><datafield ind1=" " ind2=" " tag="500"><subfield code="a">Published at: Wayzata, Minn., Feb. 11, 1988-Dec. 22, 1988.</subfield></datafield><datafield ind1=" " ind2=" " tag="530"><subfield code="a">Available on microfilm from the Minnesota Historical Society.</subfield></datafield><datafield ind1=" " ind2=" " tag="580"><subfield code="a">Merged with: Hopkins-Minnetonka weekly news, and: Wayzata weekly news, to form: Weekly news (Wayzata, Minn.).</subfield></datafield><datafield ind1=" " ind2=" " tag="588"><subfield code="a">Description based on: Vol. 1, no. 33 (Feb. 18, 1985).</subfield></datafield><datafield ind1=" " ind2="0" tag="651"><subfield code="a">Wayzata (Minn.)</subfield><subfield code="v">Newspapers.</subfield></datafield><datafield ind1=" " ind2="0" tag="651"><subfield code="a">Excelsior (Minn.)</subfield><subfield code="v">Newspapers.</subfield></datafield><datafield ind1=" " ind2="7" tag="655"><subfield code="a">Newspapers.</subfield><subfield code="2">fast</subfield><subfield code="0">(OCoLC)fst01423814</subfield></datafield><datafield ind1=" " ind2="7" tag="651"><subfield code="a">Minnesota</subfield><subfield code="z">Excelsior.</subfield><subfield code="2">fast</subfield><subfield code="0">(OCoLC)fst01229593</subfield></datafield><datafield ind1=" " ind2="7" tag="651"><subfield code="a">Minnesota</subfield><subfield code="z">Wayzata.</subfield><subfield code="2">fast</subfield><subfield code="0">(OCoLC)fst01210552</subfield></datafield><datafield ind1=" " ind2=" " tag="752"><subfield code="a">United States</subfield><subfield code="b">Minnesota</subfield><subfield code="c">Hennepin</subfield><subfield code="d">Wayzata.</subfield></datafield><datafield ind1=" " ind2=" " tag="752"><subfield code="a">United States</subfield><subfield code="b">Minnesota</subfield><subfield code="c">Hennepin</subfield><subfield code="d">Excelsior.</subfield></datafield><datafield ind1="1" ind2="7" tag="785"><subfield code="t">Hopkins-Minnetonka weekly news</subfield></datafield><datafield ind1="1" ind2="7" tag="785"><subfield code="t">Wayzata weekly news</subfield><subfield code="w">(DLC)sn 90059839</subfield></datafield><datafield ind1="1" ind2="7" tag="785"><subfield code="t">Weekly news (Wayzata, Minn.)</subfield><subfield code="w">(DLC)sn 90059842</subfield></datafield></record>